<?xml version="1.0" encoding="UTF-8"?><record xmlns="http://www.loc.gov/MARC21/slim" xmlns:cinclude="http://apache.org/cocoon/include/1.0" xmlns:zs="http://www.loc.gov/zing/srw/">
  <leader>00459nz  a2200133n  4500</leader>
  <controlfield tag="001">no2004108107</controlfield>
  <controlfield tag="003">DLC</controlfield>
  <controlfield tag="005">20041106071047.0</controlfield>
  <controlfield tag="008">041105n| acannaabn          |n aaa     c</controlfield>
  <datafield tag="010" ind1=" " ind2=" ">
    <subfield code="a">no2004108107</subfield>
  </datafield>
  <datafield tag="035" ind1=" " ind2=" ">
    <subfield code="a">(OCoLC)oca06487076</subfield>
  </datafield>
  <datafield tag="040" ind1=" " ind2=" ">
    <subfield code="a">LNT</subfield>
    <subfield code="b">eng</subfield>
    <subfield code="c">LNT</subfield>
  </datafield>
  <datafield tag="100" ind1="1" ind2=" ">
    <subfield code="a">Sigales, Alberto,</subfield>
    <subfield code="d">1958-</subfield>
  </datafield>
  <datafield tag="670" ind1=" " ind2=" ">
    <subfield code="a">La naturaleza de la riqueza, 2004:</subfield>
    <subfield code="b">t.p. (Alberto Sigales) front flap (b. in Montevideo, Uruguay, 13 July 1958; teĚcnico in journalism applied to mass media)</subfield>
  </datafield>
</record>